<?xml version="1.0" encoding="UTF-8"?><collection xmlns="http://www.loc.gov/MARC21/slim"><record><leader>00537nam--2200193-i-4500</leader><controlfield tag="001">000040263</controlfield><controlfield tag="002">20161230</controlfield><controlfield tag="005">20161230201042</controlfield><controlfield tag="008">060222s1000------------r-----000-0-rus-d</controlfield><datafield ind1=" " ind2=" " tag="040"><subfield code="a">IFIN-HH</subfield></datafield><datafield ind1=" " ind2=" " tag="041"><subfield code="a">rus</subfield></datafield><datafield ind1=" " ind2=" " tag="080"><subfield code="a">537.533.2(083)</subfield></datafield><datafield ind1="1" ind2=" " tag="100"><subfield code="a">Fomenko, V.C</subfield></datafield><datafield ind1="1" ind2="0" tag="245"><subfield code="a">Emissionnie i adsorbtionnie svoistva vesestv i materialov</subfield><subfield code="b">Spravocinik</subfield><subfield code="c">V.c. fomenko, i.a. podcerniaeva</subfield></datafield><datafield ind1=" " ind2=" " tag="260"><subfield code="a">Moskva</subfield><subfield code="b">Atomizdat</subfield><subfield code="c">1975</subfield></datafield><datafield ind1=" " ind2=" " tag="300"><subfield code="a">320P</subfield></datafield><datafield ind1="1" ind2=" " tag="700"><subfield code="a">Podcerniaeva, I.A</subfield></datafield><datafield ind1=" " ind2=" " tag="852"><subfield code="a">42803</subfield><subfield code="c">537.533</subfield></datafield><datafield ind1=" " ind2=" " tag="CAT"><subfield code="a">Sys</subfield><subfield code="c">20110830</subfield><subfield code="h">104743</subfield></datafield></record></collection>